4546 5756
620 601 646 690 8
950 585 1732 677 Prorseournom

615 853 647 899 „
681 817 728 879 re
746 817 838 878 cum
855 787 920 905 ipli
937 795 1117 906 Iapides‚'
1151 807 1194 877 et
1220 795 1392 904 liquores
1415 789 1522 876 srmul
1550 817 1682 920 aeque
1706 793 1961 904 ponderent,
1994 795 2060 916 ipsi

616 991 647 1040 a
681 917 857 1042 liquores
874 934 1050 1041 aequalia
1069 931 1242 1044 pondera
1259 929 1332 1018 vel
1353 927 1525 1035 addunt,
1560 931 1637 1018 vel
1653 931 1842 1036 demunt,
1877 937 2059 1052 adeoque

615 1128 645 1172 „
680 1087 721 1155 et
736 1093 860 1180 aeque
878 1063 1049 1154 effluunt
1191 1069 1195 1080 '

754 1265 784 1308 „
817 1203 899 1290 Iam
915 1229 1020 1290 vero
1043 1202 1196 1315 lapides
1214 1202 1269 1288 illi
1283 1197 1459 1288 referunt
1480 1205 1710 1316 quantitates
1729 1203 1889 1313 fietus,
1922 1209 2056 1300 sruein

379 1333 419 1384 -'
459 1430 464 1438 Ι
612 1346 645 1446 ⁰„
679 1338 721 1426 se
738 1340 1044 1446 determinatas3
1077 1343 1246 1451 liquores
1264 1339 1316 1424 illi
1331 1339 1507 1426 referunt
1524 1343 1758 1453 quantitates
1772 1343 2057 1454 infinitesrmas‚

610 1514 644 1584 ·„
679 1477 818 1590 quibus
836 1481 1060 1582 contemtis,
1079 1475 1104 1558 sr
1121 1477 1253 1560 linitae
1269 1481 1500 1584 quantitates
1515 1477 1699 1586 aequales
1712 1479 1978 1586 inueniuntur,
1995 1511 2056 1570 re·

497 1649 501 1660 ·
614 1673 645 1717 ῃ
679 1613 757 1726 ipsa
776 1611 922 1698 debent
942 1610 1021 1698 else
1036 1628 1216 1696 accurate
1231 1611 1413 1720 aequales
1429 1673 1460 1714 ‚,
1478 1629 1523 1696 et
1543 1611 1798 1698 inlinitesrnae
1823 1615 1912 1701 illae
1937 1643 2054 1728 quan·

610 1772 646 1854 ·„
668 1753 844 1854 states,
877 1774 979 1861 quae
1010 1762 1342 1872 contemnuntur,
1395 1745 1541 1834 debent
1559 1747 1602 1834 se
1619 1767 1758 1836 mutuo
1786 1753 2054 1864 compensare.

475 1886 477 1896 '
611 1947 642 1990 ‚‚
675 1885 785 1972 Nam
797 1885 864 1972 ‘nist
882 1887 949 1972 illa
964 1887 1220 1997 quantitatum
1237 1881 1430 1970 finitarum
1445 1887 1652 1998 aequalitas
1676 1886 1923 1993 haberetur,
1955 1917 2049 1976 con·

610 2081 642 2128 „
676 2041 823 2108 temtus
838 2021 1001 2134 ipsarum
1020 2021 1322 2108 decrescentium
1334 2023 1440 2108 vltra
1445 2047 1711 2160 quoscunque
1720 1992 1860 2110 limites
1868 2051 1947 2130 non
1966 2025 2049 2137 pos·

607 2179 641 2263 ·„
674 2157 731 2244 set
749 2158 1009 2272 compensare
1022 2156 1183 2270 iphrurn
1198 2155 1455 2244 differentiam
1470 2177 1570 2265 tunt,
1590 2161 1685 2246 dum
1700 2160 1795 2246 infra
1804 2161 1921 2273 ipsam
1939 2161 2048 2248 disse·

606 2333 642 2400 r„
675 2299 840 2382 rentiam
854 2299 1178 2382 imminuerentur.
1185 2335 1302 2360 ·····
1321 2295 1442 2407 Quod
1457 2316 1588 2384 autem
1601 2295 1757 2382 debinis
1769 2297 2049 2408 quantitatibus

609 2491 640 2536 „
674 2434 899 2546 aequalibus
915 2433 1059 2520 dissum
1075 2435 1156 2538 eil,
1171 2433 1288 2518 sacile
1304 2433 1516 2519 traducitur
1525 2435 1577 2518 ad
1593 2439 1825 2543 quantitates
1839 2461 2046 2544 quamcun·
2094 2423 2099 2434 '

607 2628 638 2674 „
671 2597 753 2682 que
768 2575 958 2658 rationem
973 2569 1160 2658 habentes
1178 2571 1227 2654 ad
1242 2567 1282 2655 se
1297 2571 1475 2656 inuicem
1511 2569 1658 2656 Namfi
1674 2595 1763 2654 eam
1778 2573 1968 2654 rationem
1984 2596 2046 2654 ac·

608 2763 638 2806 ‚‚
672 2723 807 2790 curate
824 2733 903 2790 non
918 2707 1145 2807 haberent,
1180 2707 1406 2790 addendum
1419 2703 1523 2792 ’esset
1539 2706 1682 2815 aliquid
1699 2707 1738 2790 in
1754 2707 1795 2790 se
1813 2707 2046 2790 determina·

608 2827 638 2944 ἦ
672 2853 756 2926 tum
772 2841 905 2942 alteri,
927 2841 996 2924 vel
1013 2837 1252 2922 demendum
1270 2825 1405 2939 alteri‚
1422 2856 1471 2920 vt
1487 2861 1577 2922 eam
1593 2835 1904 2946 assequerentur:
1942 2865 2048 2949 quae

605 2997 636 3080 'a
670 2995 803 3062 autem
829 2989 1162 3078 contemnuntur,
1195 2997 1287 3057 cum
1310 2973 1545 3060 decrescere
1564 2973 1700 3085 poliant
1714 2973 1810 3058 inira
1824 2971 1898 3076 id,
1930 2977 2045 3086 quod

605 3171 636 3216 „
668 3113 912 3217 addendum,
937 3111 1269 3198 veldemendum
1292 3108 1415 3215 esset,
1448 3137 1528 3196 non
1542 3105 1695 3225 possunt
1712 3115 1796 3196 eius
1812 3113 1945 3196 vicem
1961 3111 2043 3220 sup·

593 3259 635 3356 ⁸„
667 3251 805 3364 plere,
828 3267 872 3334 et
889 3273 977 3334 eam
993 3250 1187 3333 rationem
1202 3249 1438 3349 ostendere,
1471 3271 1575 3354 quae
1586 3246 1818 3357 exipsorum
1835 3261 2039 3336 contemtu

603 3446 635 3489 „
669 3389 866 3472 deriuatur
889 3443 940 3488 ,,.
990 3383 1111 3504 Haec
1126 3383 1195 3468 ille
1210 3385 1248 3466 in
1264 3381 1396 3466 Elem
1414 3379 1534 3468 Sorirl
1568 3409 1592 3468 a
1621 3409 1657 3467 ru
1681 3411 1787 3498 1¹3·

746 3549 787 3634 9.
825 3507 1096 3632 Quantitates‚
1129 3543 1230 3630 qnae
1247 3519 1327 3606 aliis
1343 3521 1487 3606 nubam
1503 3522 1760 3609 mutationem
1777 3514 2041 3621 subeuntibus,

600 3685 675 3773 per
697 3658 836 3774 gradus
861 3657 1053 3768 quosdam
1084 3673 1385 3742 momentaneos
1417 3656 1634 3755 crescunt,
1674 3656 1747 3735 vel
1780 3649 2041 3758 decrescunt,

408 3743 424 3846 s
447 3777 458 3788 ’
599 3799 826 3896 variabilem
860 3817 965 3908 quae
981 3817 1089 3880 vero
1107 3792 1264 3905 semper
1280 3790 1456 3876 eaedem
1468 3803 1656 3886 manent,
1687 3781 1881 3898 constanter
1900 3787 2036 3898 adpel-

597 3935 757 4018 lantur..
804 3929 903 4017 lllae
928 3922 1158 4042 postremis,
1191 3929 1414 4038 hae-primis
1431 3923 1626 4036 alphabeti
1648 3921 1771 4009 literis
1792 3921 1919 4010 solent
1938 3923 2034 4012 defi·
2178 3935 2186 3946 '

322 4158 327 4167 .
355 4173 359 4180 ,
599 4071 714 4187 gnari
736 4045 739 4052 ’
766 4068 832 4166 Sic
850 4073 887 4155 in
906 4070 1027 4181 ellipsr
1042 4055 1297 4194 parameter‚
1331 4082 1376 4148 et
1393 4085 1498 4148 axes
1514 4056 1599 4142 sunt
1615 4037 1845 4168 quarsitates
1863 4061 2037 4150 constan-2

466 4267 471 4274 -
598 4220 694 4294 tes:
739 4205 920 4296 abscissae
949 4215 1129 4349 εοιιῑη·ι
1160 4197 1203 4292 et
1228 4201 1369 4287 iisdem
1404 4195 1701 4310 respondentes.
1718 4201 1924 4290 ordinatae
1948 4197 2036 4286 sunt

596 4347 838 4434 variabiles·
1690 4360 1694 4369 ·

742 4513 815 4570 10.
849 4479 1131 4583 Incrementa,
1165 4480 1237 4564 vel
1251 4475 1505 4562 decrementa
1535 4491 1836 4577 momentanea,
1868 4469 1935 4558 seu
1953 4471 2033 4558 inii·

596 4623 768 4712 nitesrma
784 4623 1041 4733 quantitatum
1058 4613 1300 4704 variabilium
1319 4605 1567 4726 drfferrntialia
1584 4627 1777 4696 vocantur
1794 4673 1810 4716 ,
1831 4635 2035 4737 quaenos

594 4757 702 4853 thre
715 4761 895 4850 secundo
911 4759 1044 4873 paffitn
1061 4757 1316 4872 quantitatum
1340 4753 1532 4845 finitarum
1553 4751 1720 4833 wamma
1738 4748 1915 4837 (literatus
1933 4773 1950 4852 3
1984 4773 2033 4834 ac

1380 4949 1383 4957 ι
1880 4909 1963 4972 me
