4546 5756
570 563 1355 685 Pronoomsuorr.
1463 604 1521 712 γ’
1652 613 1680 702 p

243 859 274 909 „
308 813 531 888 contemtus
546 803 801 913 quantitatum
817 794 1142 884 ininitelrmarum
1158 793 1513 919 incomparatione
1537 795 1682 907 quanti·
1827 831 1843 861 f

243 997 275 1044 „
309 927 434 1025 tatum
452 937 643 1028 finitarum
668 937 818 1024 nullum
842 955 1021 1020 errorem
1045 955 1189 1044 parere
1216 929 1380 1042 potest,
1414 957 1468 1018 ne
1494 929 1683 1018 inlinitesr·

243 1134 274 1182 „
310 1099 419 1162 muru
437 1075 608 1188 quidem
678 1074 789 1162 Nam
805 1069 831 1156 ιι
847 1071 937 1156 illae
953 1067 1086 1154 finitae
1112 1072 1347 1180 quantitates
1366 1063 1487 1152 ellent
1502 1070 1682 1180 inaequa·
1803 1151 1808 1158 .

159 1275 169 1281 -
242 1269 274 1314 „
306 1211 404 1313 les,
436 1210 632 1296 haberent
649 1205 906 1292 differentiam
926 1208 1093 1316 aliquam
1109 1205 1147 1288 ιιι
1165 1199 1208 1286 se
1224 1203 1532 1290 determinatam
1571 1205 1682 1316 Quo·

242 1404 275 1451 „
307 1349 409 1429 niam
432 1361 568 1428 autem
591 1343 680 1428 illae
700 1347 942 1452 quantitates
969 1337 1232 1428 infinitetitnae
1257 1333 1413 1450 poliunt
1436 1341 1554 1442 ιιιιιιιιι
1578 1343 1684 1426 vltra

244 1535 274 1584 ,‚
308 1461 567 1588 quoacunque
584 1479 727 1562 limites
743 1481 781 1559 in
800 1475 843 1560 se
860 1476 1174 1577 determimtos,
1206 1457 1397 1584 poterunt
1421 1459 1530 1564 fimul
1545 1499 1684 1582 omnes

241 1671 273 1716 „
305 1609 388 1696 elle
415 1616 620 1714 minores,
663 1637 781 1722 quam
804 1610 868 1696 illa
896 1607 1114 1724 differentia
1139 1605 1368 1720 supposita,
1400 1635 1519 1720 quam
1536 1609 1683 1700 idcirco

238 1805 270 1853 „
303 1748 562 1862 compensare
579 1774 657 1834 non
680 1744 864 1872 pollent,
893 1729 975 1832 ‘nec
989 1741 1121 1858 posset
1136 1769 1195 1830 ex
1213 1747 1364 1832 ιιιιιιιιιι
1387 1761 1593 1834 contemtu
1606 1747 1683 1836 'de-

240 1937 271 1989 ‚,
305 1887 422 1971 riuan
412 1887 657 1998 aequalitas
682 1885 905 2000 quantitatis
929 1883 1028 1972 illius
1048 1883 1086 1966 ιιι
1102 1878 1144 1967 se
1162 1883 1474 1988 determinatae,
1502 1884 1683 1970 nimium
1824 1901 1828 1912 '
1989 1863 1993 1870 ¹

125 2116 128 2130 ‚
238 2075 274 2127 „
306 2019 552 2110 differentiae
568 2021 798 2134 suppositae.

375 2157 489 2264 „Id
512 2161 702 2272 exemplo
717 2157 891 2270 sequenti
914 2157 983 2246 fiet
1007 2159 1129 2276 magis
1153 2073 1402 2245 manifestum.
1470 2156 1581 2250 Sint
1571 2182 1610 2242 m
1625 2152 1682 2242 bi·

146 2366 148 2376 .
236 2349 269 2395 „
302 2294 412 2380 lance
429 2294 623 2381 hincinde
645 2295 721 2382 bini
740 2297 889 2410 lapides
914 2296 1041 2386 inclusi
1063 2321 1157 2382 cum
1172 2291 1391 2406 liquoribus
1417 2291 1681 2408 quibusdam,
1719 2369 1733 2378 .

237 2457 371 2543 „qur
359 2432 563 2543 liquores
590 2450 790 2546 perpetuo
817 2431 989 2521 debeant
1015 2431 1213 2538 effluere,
1246 2432 1317 2518 vel
1334 2431 1574 2557 euaporari,
1608 2429 1679 2516 do·

235 2621 267 2682 „
300 2593 374 2652 nec
395 2570 550 2678 penitus
575 2569 816 2657 euanescant.
885 2546 1160 2681 Concipiamus
1175 2593 1250 2654 nos
1267 2565 1443 2673 nescire,
1476 2586 1612 2652 utrum
1628 2566 1681 2648 la·

234 2759 266 2804 „
300 2699 434 2815 pidum
460 2702 638 2813 pondera
663 2705 840 2814 aequalia
864 2705 967 2808 sint,
999 2721 1137 2788 utrum
1159 2705 1336 2811 liquores
1351 2703 1423 2786 illis
1440 2697 1596 2812 pondus
1614 2697 1681 2785 ad·

131 2902 138 2912 .
234 2895 265 2940 „
299 2839 425 2940 dant,
458 2863 506 2922 an
523 2837 737 2942 auferant,
768 2853 903 2923 vuum
920 2861 1051 2950 aeque
1077 2834 1271 2940 effluaut;
1305 2831 1399 2922 scire
1424 2853 1554 2924 umen
1579 2833 1681 2920 haec

234 3029 265 3078 „
300 2973 412 3058 duo:
449 2969 585 3058 donec¹
604 2974 751 3084 aliquid
765 2975 964 3086 liquorum
980 2970 1169 3086 supererit
1191 2969 1326 3058 haberi
1353 2973 1502 3060 debere
1522 2973 1678 3086 aeqrdli·

234 3166 266 3210 „
297 3107 450 3212 brium,
483 3127 525 3194 et
541 3111 717 3219 liquores
728 3110 880 3214 ,debere
896 3109 1067 3198 imminui
1082 3113 1186 3196 vltra
1207 3133 1467 3222 quoscunque
1483 3111 1623 3196 limites
1640 3113 1679 3194 in
1713 3139 1720 3148 ·
1816 3221 1820 3228 ἦ

235 3297 267 3342 ,,
298 3239 340 3320 se
356 3244 659 3338 determinatos,
673 3265 766 3322 cum
782 3247 958 3330 nimirum
974 3245 1144 3357 debeant
1154 3247 1315 3366 ¹penitus
1331 3245 1570 3328 euanescere.
1605 3244 1680 3330 Ex

234 3431 264 3476 „
299 3369 472 3456 bisbinis
495 3370 724 3458 veritatibus
738 3371 880 3460 inferre
900 3373 1031 3462 licebit
1053 3374 1206 3490 lapides
1220 3373 1390 3489 aequalis
1417 3376 1604 3491 ponderis
1621 3375 1678 3464 es·

233 3565 265 3610 „
298 3503 372 3610 se,
407 3509 585 3617 liquores
612 3509 684 3596 vel
708 3535 838 3622 aeque
853 3535 1031 3628 augere,
1062 3507 1284 3624 velaeque
1307 3516 1483 3602 uunu'ere
1505 3512 1678 3626 ipsorum
1735 3527 1751 3574 ’·
1840 3607 1843 3615 .

234 3702 264 3745 ‚,
298 3642 503 3754 pondera,
523 3659 578 3730 ‘et
595 3647 813 3752 aequaliter
830 3645 1002 3736 affuere.
1069 3645 1114 3740 st
1129 3653 1231 3749 enim
1247 3651 1271 3732 ii
1286 3649 1435 3760 lapides
1450 3677 1527 3736 uon
1546 3678 1677 3765 aeque
1797 3707 1816 3744 s

233 3835 263 3883 „
296 3777 593 3890 ponderatum,
626 3777 723 3865 ellet
746 3782 875 3892 aliqua
895 3784 934 3868 in
950 3779 1120 3896 ipsorum
1135 3783 1377 3895 ponderibus
1399 3781 1675 3876 differentiaiu
1731 3809 1734 3872 3

232 3911 339 4022 „le
365 3913 628 4003 determinata
672 3916 897 4042 Quoniam
921 3921 1035 4034 igitur
1056 3922 1231 4032 liquores
1256 3919 1408 4008 debent
1431 3923 1556 4008 ιιιιιιιιι
1572 3927 1676 4033 vltra

231 4107 262 4154 „
287 4073 554 4186 quoscunque
572 4053 735 4139 linnites
725 4079 764 4138 ιιι
783 4049 823 4140 se
839 4053 1147 4162 determinatos,
1180 4059 1388 4170 aliquando
1406 4059 1515 4145 lunul
1533 4085 1677 4152 omnes
1741 4077 1745 4086 '

211 4199 263 4292 '„
295 4183 478 4294 addent,
510 4191 579 4276 uel
586 4189 775 4278 auferent
803 4191 929 4278 minus
952 4191 1164 4356 ponderi,
1180 4219 1296 4308 quam
1313 4195 1357 4282 fit
1373 4198 1438 4285 illa
1461 4196 1674 4310 differentia
1794 4245 1801 4252 ·

230 4313 498 4436 „supposita
569 4321 692 4440 Igitur
712 4333 805 4412 t'unc
821 4329 924 4414 illam
941 4305 1193 4416 differentiam
1217 4331 1470 4446 compensare
1486 4361 1567 4422 non
1584 4335 1672 4449 pos.-

231 4517 263 4566 „
294 4459 403 4564 sent,
421 4487 496 4549 nee
512 4461 780 4572 aequilibrium
797 4461 1029 4572 haberetur,
1056 4467 1164 4586 quod
1179 4474 1237 4556 est
1253 4487 1392 4560 contra
1408 4469 1671 4586 hypothesim.

232 4653 262 4701 ‚,
293 4595 364 4684 Si
354 4595 468 4711 igitur
484 4597 614 4686 donec
632 4596 766 4685 adsunt
783 4600 988 4712 liquores,
1021 4601 1285 4716 aequilibrium
1301 4607 1500 4713 habetur,
1531 4623 1576 4726 et
1593 4611 1617 4696 ιι
1634 4613 1671 4696 ιιι

229 4789 260 4842 ‚,
301 4727 486 4827 ιιιιιιιιιιιι
503 4738 759 4849 minuuntur,
793 4757 957 4854 oportet
971 4739 1122 4898 lapides
1138 4741 1206 4863 ιρι
1225 4745 1406 4882 aequales
1431 4743 1531 4858 iot,
1563 4747 1671 4864 Qua·
