4546 5756
570 531 629 622 50
928 513 1749 604 L1nanPa1arus·

564 712 995 826 nequissimo,
1028 717 1171 825 tuen,
1205 697 1386 810 minute
1404 720 2001 840 mnmevetnmmaeoru·

563 849 1046 968 nataeCeritdy=o,
1079 851 1289 944 τίκ-τω.

371 1009 551 1110 lignano,
711 1011 784 1102 97.
819 991 861 1080 Si
880 993 1012 1104 politis
1029 995 1169 1080 iisdem
1187 999 1224 1080 in
1242 987 1328 1112 lug.
1353 1023 1411 1105 1¹9
1430 1055 1446 1100 ,
1480 1009 1526 1082 et
1546 1019 1605 1082 ao
1635 997 1811 1082 ordinata
1828 991 1916 1080 PM
1935 1017 2000 1075 co·

564 1107 710 1240 giletur
730 1145 841 1214 motu
869 1131 1057 1240 parallelo
1084 1129 1218 1223 senllm
1242 1133 1439 1218 accedere
1458 1132 1508 1216 ad
1528 1131 1638 1218 satum
1665 1132 1867 1218 ordinatae
1889 1127 2001 1232 CD,

561 1287 608 1344 ac
625 1263 784 1350 demum
804 1289 894 1350 cum
912 1266 1058 1352 eadem
1087 1285 1341 1384 congruere,
1383 1283 1497 1381 patet
1522 1265 1819 1384 subtangentem
1835 1265 1911 1354 ΤΡ
1930 1263 2001 1350 vel

444 1447 448 1453 -
557 1394 642 1508 TQ
667 1403 920 1488 continenter
946 1403 1036 1490 lore
1059 1407 1285 1507 minorem,
1331 1423 1377 1492 et
1402 1405 1711 1519 congruentibus
1736 1405 1823 1491 PM
1847 1427 1895 1486 ac
1921 1399 2001 1508 CD

555 1529 647 1617 fore
665 1539 874 1647 aequalem
893 1537 1036 1642 nihilo,
1063 1541 1246 1649 adeoque
1264 1555 1492 1656 tangentem
1509 1537 1603 1624 TM
1619 1539 1711 1624 lore
1727 1541 1794 1622 axi
1811 1537 1893 1622 Ac
1911 1561 2001 1648 pet·

414 1753 422 1764 ,
555 1671 886 1778 pendicularem,
929 1691 973 1758 et
1005 1675 1199 1760 rationem
1231 1673 1308 1760 TP
1329 1709 1339 1759 a
1364 1673 1488 1776 PM,
1531 1676 1601 1758 vat
1631 1673 1714 1786 TQ
1734 1702 1743 1756 :
1764 1671 1890 1783 QM,
1933 1669 2003 1758 seu
2037 1667 2043 1684 '

554 1799 605 1886 aa
623 1835 632 1888 :
649 1801 694 1914 dy
710 1809 802 1894 fote
826 1811 1021 1896 rationem
1036 1809 1139 1896 nihili
1157 1809 1207 1896 ad
1223 1813 1481 1922 quantitatem
1504 1807 1650 1894 finitam
1672 1839 1681 1893 :
1716 1811 1803 1894 erit·
1823 1831 1924 1924 ergo
1951 1807 2002 1889 dx

553 1939 736 2051 respectu
754 1941 799 2056 dy
822 1949 989 2056 aequale
1016 1945 1172 2054 nihilo,
1206 1963 1250 2034 et
1274 1945 1323 2058 dy
1349 1944 1529 2058 respectu
1554 1941 1605 2026 dx
1629 1945 1797 2056 aequale
1821 1943 2001 2048 infinitos

504 2193 509 2198 Ι
554 2075 699 2184 idest,
733 2084 772 2165 in
787 2081 912 2170 limite
930 2085 1128 2172 maximae
1143 2085 1215 2172 vel
1232 2085 1414 2174 minimae
1432 2083 1634 2170 ordinatae
1653 2083 1689 2168 C
1706 2081 1782 2168 erit
1801 2079 1858 2164 dx
1874 2115 1924 2154 =.-
1946 2109 2000 2184 0,

552 2209 665 2322 ly=
685 2243 752 2304 oo.

527 2361 559 2392 '·
699 2366 776 2462 98.
811 2355 898 2442 His
908 2351 1040 2472 probe
1065 2359 1366 2466 animaduertit,
1402 2359 1520 2446 stiam
1538 2368 1784 2470 proponatur
1801 2357 1998 2440 inuenien-

450 2551 455 2558 .
554 2482 648 2572 dum
676 2489 835 2601 aliquod
860 2498 1120 2604 maximum,
1151 2499 1221 2584 vel
1243 2501 1477 2599 minimum,
1511 2495 1649 2578 stillud
1671 2491 1715 2576 stt
1735 2493 1908 2579 ordinata
1933 2491 1998 2574 ali·
2123 2535 2128 2546 .

553 2625 662 2708 cuius
683 2651 863 2732 curuae,
897 2655 957 2716 ex
980 2636 1215 2743 aequatione
1240 2634 1422 2718 eiusdem
1447 2633 1623 2722 eliciatur
1639 2629 1758 2714 valor
1779 2626 2001 2740 quantitatis
2055 2711 2062 2718 .

553 2749 601 2864 dy
621 2787 633 2840 a
668 2759 695 2841 st
715 2785 794 2846 non
812 2761 882 2865 stt,
917 2769 1161 2874 exprimatur
1181 2748 1267 2850 eius
1287 2771 1406 2852 valor
1424 2770 1622 2872 analytice
1645 2763 1859 2853 secundum
1876 2787 1995 2878 quae·

554 2891 683 2978 lilonis
700 2893 871 2998 ilatum,
904 2913 948 2982 et
967 2896 1204 3009 supponatur
1219 2895 1300 2983 elle
1326 2897 1502 2990 ordinata
1523 2897 1681 2980 alicuius
1711 2919 1891 2998 curuae,
1925 2921 2001 2996 vo·

555 3041 751 3141 ceturque
762 3052 827 3140 y3
850 3045 934 3114 tum
949 3031 1052 3118 latia
1067 3033 1400 3120 differentiatione
1417 3048 1577 3120 eruatur
1585 3025 1700 3116 valor
1709 3031 1928 3142 quantitatis
1944 3029 1996 3142 dy.

556 3163 660 3274 Quia
676 3167 833 3252 veroin
850 3165 928 3252 hoc
948 3166 1121 3258 secundo
1137 3169 1249 3271 casu,
1284 3167 1624 3279 quemadmodum
1642 3169 1759 3252 etiam
1772 3167 1863 3252 iniis
1877 3169 1993 3252 onmi-

438 3387 443 3394 ,
555 3298 662 3406 bus,
696 3297 898 3408 inquibus
927 3305 1115 3412 aequatio
1132 3307 1323 3390 duntaxat
1340 3303 1391 3386 ad
1407 3329 1567 3387 curnam
1583 3300 1729 3406 datur,
1761 3305 1996 3414 plerumque

554 3437 756 3548 ignoratur
770 3433 897 3516 lorma
913 3461 1082 3539 curuae,
1116 3437 1165 3521 ad
1185 3463 1303 3548 quam
1320 3437 1535 3549 quaesitum
1556 3440 1803 3542 maximum,
1837 3439 1908 3522 vel
1927 3439 1994 3517 mi·

554 3557 937 3680 nimum'pertinet,
970 3597 1017 3656 ac
1040 3567 1205 3683 proinde
1232 3572 1431 3680 nescitur,
1465 3601 1515 3662 an
1532 3577 1568 3658 in
1587 3576 1682 3657 loco
1706 3574 1890 3672 maximi,
1915 3572 1997 3655 'vel
2041 3627 2044 3634 .

554 3705 695 3798 mirumi
713 3691 876 3817 tangens
896 3710 962 3790 axi
980 3709 1187 3818 parallela,
1221 3735 1269 3792 an
1286 3707 1620 3820 perpendicularis
1639 3705 1681 3786 fit
1692 3729 1708 3808 3
1742 3701 1810 3786 seu
1831 3731 1879 3799 an
1893 3705 1935 3788 stt
1950 3701 1996 3816 dy

553 3870 602 3914 =
621 3867 677 3942 0,
711 3867 761 3924 an
777 3871 826 3910 ··-··
847 3871 916 3944 oo,
949 3843 1098 3928 idcirco
1116 3859 1283 3956 ponatur
1299 3846 1483 3956 imprimis
1499 3837 1606 3948 dy=
1624 3865 1680 3944 0,
1715 3856 1758 3926 et
1778 3837 1804 3922 st
1822 3835 1904 3924 hoc
1921 3865 1994 3952 po·

504 4015 507 4023 ·
554 3975 627 4058 fito
644 3978 862 4088 reperiatur
884 3976 1036 4064 abscilla
1054 4001 1118 4086 x,
1151 3983 1214 4064 cui
1230 3983 1434 4081 maxima,
1467 3978 1538 4060 vel
1554 3975 1709 4059 minima
1731 3976 1907 4062 ordinata
1931 4001 1994 4062 re·

555 4109 759 4221 spondet,
795 4118 968 4222 quaestio
990 4113 1116 4200 soluta
1140 4114 1197 4202 est
1218 4143 1228 4198 ε
1264 4114 1419 4198 sivero
1440 4135 1520 4194 non
1545 4111 1792 4218 reperiatur,
1825 4129 1994 4224 ponatur

444 4305 446 4310 -
556 4241 755 4360 ἅμα),
790 4264 907 4356 atque
928 4249 1021 4336 inde
1038 4265 1196 4335 eruatur
1210 4243 1362 4333 abscilla
1381 4269 1443 4352 x,
1475 4248 1584 4331 cuius
1605 4247 1748 4335 valore
1762 4253 1800 4334 in
1820 4250 1907 4332 data
1926 4272 1990 4332 ae·

422 4461 435 4474 .
555 4390 743 4497 quatione
767 4381 975 4471 substituto
990 4383 1364 4504 obtinebitur'etiam
1384 4385 1501 4468 valor
1528 4387 1719 4491 maximi,
1752 4386 1825 4468 vel
1849 4385 1992 4488 minimi

342 4519 354 4528 “
551 4523 751 4636 quaesiti.
797 4518 921 4630 Quod
938 4521 965 4608 fi
981 4541 1117 4610 neutra
1132 4519 1342 4632 suppositio
1359 4519 1552 4608 exhibeat
1573 4521 1697 4607 vllum
1716 4522 1901 4605 valorem
1919 4519 1989 4604 de·
2096 4569 2100 4576 ·

553 4663 804 4750 terminatum
821 4661 1038 4779 quantitatis
1044 4685 1100 4772 y,
1135 4657 1277 4746 indicio
1293 4661 1368 4748 erit
1385 4683 1577 4763 curuum,
1610 4659 1793 4771 adquam
1813 4658 1902 4744 data
1925 4679 1989 4742 aea
