4540 5774
560 587 657 672 urs
865 571 1153 658 Lrnen
1225 553 1718 662 Secum-nor

558 783 699 870 uitatin
768 777 879 868 Nam
905 779 1035 866 relate
1060 773 1312 866 ad'centnim
1341 779 1538 896 grauimtin
1561 777 1782 894 spedantur
1807 779 2006 870 elementa
2142 851 2151 862 .

558 913 743 1035 tanquam
771 915 1011 1032 pondusculo
1043 919 1220 1030 aequalia
1245 914 1325 1006 fine
1355 917 1493 1024 actuali
1519 923 1761 1008 celeritatez
1801 922 1930 1008 relate
1953 923 2004 1010 ad

555 1077 735 1147 centrum
770 1057 1018 1174 percussionis
1052 1055 1275 1170 spectantur
1304 1058 1450 1144 eadem
1479 1083 1571 1146 cum
1599 1055 1738 1146 actuali
1766 1062 2007 1168 celeritate,

554 1225 662 1314 quae
687 1221 779 1284 cum
797 1200 835 1284 in
857 1197 935 1284 hoc
951 1193 1040 1283 casn
1066 1193 1211 1284 eadem
1228 1193 1271 1280 fit
1285 1197 1323 1280 in
1345 1194 1527 1282 omnibus
1553 1198 1800 1304 elementis,
1841 1199 2005 1286 euidens

554 1339 613 1428 est
626 1333 813 1424 summam
831 1339 1005 1443 uirium,
1038 1331 1106 1422 seu
1129 1333 1349 1448 impetuum
1376 1338 1480 1422 circa
1504 1353 1688 1424 centrum
1718 1337 1915 1455 grauitatis
1933 1363 2005 1424 vn·

553 1473 677 1590 dique
693 1477 901 1590 aequalem
915 1471 1024 1584 effe,
1059 1499 1107 1562 ac
1124 1473 1292 1589 proinde
1306 1489 1489 1561 centrum
1508 1477 1763 1600 percuffionin
1780 1501 2008 1594 congruere

552 1643 648 1706 cum
661 1633 803 1704 centro
820 1617 1029 1734 grauitatin
1102 1617 1164 1702 At
1178 1612 1209 1698 fi
1225 1639 1374 1726 corpus
1391 1615 1493 1700 eirca
1511 1616 1698 1726 punitum
1714 1615 1900 1728 aliquod,
1934 1617 2008 1704 vel

481 1799 492 1812 ⁴·
551 1781 675 1844 axem
692 1753 819 1842 fixum
835 1757 1031 1872 agitetur,
1065 1769 1159 1840 tunc
1181 1755 1393 1840 enimuero
1412 1769 1590 1840 centrum
1610 1753 1898 1870 percuffmrriea
1914 1777 2007 1840 cen·

552 1909 622 1982 tro
638 1897 837 2012 grauitatis
855 1891 1050 1981 diuersum
1067 1895 1154 1978 erit
1223 1891 1342 1980 Tunc
1356 1893 1464 1978 enim
1481 1895 1684 1980 elementa
1701 1921 1727 1978 a
1744 1891 1919 2004 pontio,
1934 1894 2008 1980 uei

549 2058 635 2119 axe
649 2031 898 2122 oscillationis
915 2035 1171 2146 inaequaliter
1188 2031 1360 2118 distantia
1387 2011 1484 2116 intra
1510 2033 1617 2118 idem
1637 2051 1796 2142 tempus
1825 2033 2006 2142 inaequa-

499 2219 505 2228 ,
550 2171 600 2256 iia
621 2191 858 2284 percurrent
874 2171 1003 2286 spatia.
1073 2171 1212 2282 Quare
1227 2166 1446 2278 adferenda
1461 2171 1539 2256 iam
1554 2171 1613 2258 est
1627 2167 1845 2278 methodus
1871 2169 2005 2258 deter-

549 2311 717 2398 minandi
734 2314 771 2396 in
789 2309 871 2398 hoc
893 2305 981 2394 casu
1001 2325 1183 2396 centrum
1201 2307 1466 2422 percuffionin

636 2455 639 2462 ’
697 2465 807 2560 333.
844 2445 1028 2534 PROBL
1067 2443 1227 2534 Inurnire
1239 2439 1456 2557 fhrrnninm
1474 2447 1675 2550 generalem
1691 2471 1766 2562 pro
1785 2459 1904 2532 centro
1922 2469 2008 2557 per·

548 2585 846 2676 nammis..
1246 2684 1251 2692 .
1377 2625 1385 2664 ·.
1773 2655 1776 2663 .
1954 2623 1999 2650 -.

690 2719 805 2840 Refoi
841 2723 954 2811 Dum
971 2721 1118 2846 figura,
1134 2725 1207 2811 vel
1225 2749 1374 2840 corpus
1390 2727 1473 2814 AB
1490 2731 1594 2816 circa
1611 2725 1797 2844 pontium
1816 2725 1943 2812 fixum
1961 2728 2008 2814 A

549 2867 731 2956 oscillanr
756 2867 937 2978 peruenit
965 2865 1013 2948 ad
1023 2862 1146 2948 nrum
1157 2865 1278 2972 AC,
1311 2867 1454 2971 uires,
1487 2865 1744 2982 seuimpetus
1769 2865 2008 2984 srnguiorum

549 3011 634 3092 eius
657 3009 952 3092 elementorum
969 2999 1198 3086 coalescunt
1217 3005 1503 3090 exelementis
1528 3005 1615 3116 ipsis
1635 3003 1760 3093 ductis
1778 3007 1816 3092 in
1834 3003 1920 3088 suas
1937 3029 2004 3090 ce·

551 3144 756 3245 ieritateo,
790 3137 859 3228 seu
870 3143 916 3224 in·
926 3163 1039 3226 arcun
1054 3137 1282 3224 irrtraidenr
1298 3154 1457 3252 tempus
1473 3141 1670 3230 decurioe.
1715 3141 1757 3231 Si
1772 3143 1849 3228 iam
1865 3139 1906 3226 hi
1921 3143 2005 3228 eie·

424 3315 430 3324 ’
549 3289 777 3368 mentorum
796 3281 972 3392 impetun
987 3273 1215 3392 spectentur
1231 3291 1415 3388 tauquam
1429 3281 1609 3368 totidem
1627 3277 1869 3396 ponduscula
1895 3279 2005 3368 vetti

551 3422 634 3512 AC
651 3415 845 3532 adpensa,
879 3433 924 3503 et
941 3433 1155 3530 quaeratur
1176 3419 1357 3504 centrum
1377 3423 1574 3536 grauioris
1590 3423 1848 3526 eorundem,
1882 3445 2002 3530 opor·

551 3559 655 3646 tebit
672 3555 748 3644 hos
765 3557 936 3668 impetus
953 3555 1156 3642 ducerein
1172 3550 1259 3640 snae
1283 3555 1472 3646 ditandas
1487 3621 1504 3666 ,
1545 3577 1586 3646 et
1603 3557 1791 3648 summam
1808 3557 2002 3664 serstorum

549 3697 728 3787 diuidere
757 3721 831 3807 per
860 3691 1049 3782 summam
1073 3695 1325 3806 impetrarant,
1359 3699 1698 3810 quemadmodum
1730 3701 1862 3812 capite
1887 3695 1999 3808 supe

550 3841 660 3924 riore
678 3837 872 3920 vidimus:
893 3857 1006 3950 ergo
1017 3831 1165 3918 sumnia
1179 3854 1479 3929 momentorum
1495 3842 1635 3923 uirium
1658 3899 1674 3944 ,
1697 3835 1764 3922 seu
1781 3840 2002 3949 impetuum

291 4051 294 4060 .
409 3991 413 3996 ·
550 3977 660 4064 instar
688 3972 1021 4087 pondusculorum
1034 3969 1310 4086 spetiatornrn
1332 3977 1386 4060 est
1404 3975 1550 4061 sadum
1572 4001 1630 4062 ex
1648 3976 1793 4062 summa
1820 3979 1998 4064 elemen-

550 4131 694 4202 torum.
704 4117 742 4197 in
765 4107 851 4200 suae
867 4113 1121 4218 celeritates,
1152 4139 1198 4198 ac
1211 4113 1364 4200 deinde
1379 4115 1416 4196 in
1436 4113 1523 4198 suas
1539 4113 1754 4202 distantiae:
1791 4131 1836 4202 et
1852 4115 1998 4200 summa

551 4253 716 4370 ipsarum
738 4255 879 4342 virium
898 4249 955 4342 'est
970 4249 1116 4340 sedium
1133 4275 1194 4338 ox
1213 4249 1359 4338 sumata
1385 4253 1676 4360 elementorum
1696 4257 1732 4340 in
1749 4251 1833 4339 suas
1857 4253 1995 4338 celeri·

551 4413 680 4481 tatem·
704 4397 836 4504 Atqui
851 4387 1418 4497 celeritates'elomentorutn,
1432 4387 1629 4483 ferrareus
1645 4397 1743 4482 intra
1757 4393 1871 4478 idem
1891 4406 1994 4474 tem·

552 4561 627 4648 pus
647 4530 823 4636 decursr,
855 4529 941 4617 sunt
958 4549 1007 4618 vt
1024 4531 1149 4634 radii,
1183 4527 1263 4615 fiue
1281 4541 1331 4616 vt
1347 4531 1543 4620 distantiae
1559 4559 1583 4618 a
1603 4531 1785 4646 panno,
1819 4534 1891 4620 vei
1911 4553 1995 4616 axe

547 4671 801 4758 oscillationis
828 4701 838 4756 ε
890 4695 994 4788 ergo
1021 4670 1169 4756 summa
1193 4665 1487 4760 momentorum
1512 4676 1653 4759 virium
1678 4673 1735 4756 est
1760 4667 1909 4758 fatiunt·
1935 4696 1995 4760 ex

548 4809 697 4899 sumna
723 4811 1013 4904 elementorum
1033 4814 1071 4900 in
1088 4807 1275 4928 quadrata
1294 4809 1582 4927 ddiantiarum,
1616 4827 1660 4901 et
1677 4809 1825 4900 summa
1853 4813 1995 4900 virium

13 2643 18 2770 ,
356 2673 424 2772 mg.
451 2699 532 2766 roa.
