4546 5756
561 569 1421 714 'mRAEFATJQ„
1655 613 1723 700 w

264 796 503 960 ‘ligandos
529 795 753 922 aliorum
779 797 1185 920 commentarios
1214 805 1371 920 manu
1390 789 1724 964 quodammo-

262 951 344 1071 do
357 955 574 1075 eluceret.
664 955 848 1122 Quare
863 1009 866 1016 ¹
883 999 999 1075 cam
1027 953 1471 1106 infinitefirnorttra
1493 951 1721 1078 'calculas

243 1105 324 1258 stt
361 1112 523 1231 velati
554 1121 821 1276 quaedam¹
840 1111 1000 1230 ianua
1034 1107 1301 1228 interiores
1337 1107 1623 1259 matheseos
1647 1151 1723 1226 re-

269 1267 428 1421 ceffas
443 1267 810 1427 patefaciens,
844 1263 978 1421 ststo
1003 1264 1088 1384 bie
1113 1261 1351 1382 volumen
1369 1263 1626 1421 primam,
1667 1263 1724 1378 in

302 1459 370 1531 tto
384 1417 563 1576 prima
588 1419 852 1578 vtrinrqne
876 1419 1108 1537 methodi
1114 1419 1443 1537 litteamcnta
1458 1419 1530 1550 stc
1547 1413 1721 1532 adum·

263 1455 415 1716 brata
428 1572 584 1722 firnt,
623 1607 683 1688 vt
707 1615 741 1688 a
768 1572 941 1691 tirone
958 1569 1200 1734 pbyfieae
1225 1570 1527 1705 hodiernae,
1568 1607 1721 1732 atque

266 1724 565 1841 canicorum
582 1723 871 1872 sedionam
909 1725 1164 1846 elementis
1224 1719 1347 1842 robe
1373 1721 1603 1864 instituto
1622 1724 1725 1872 fa·

114 1880 118 1889 ’
264 1874 354 1996 elle
379 1875 631 2038 intelligi,
669 1879 844 2042 bisque
868 1768 1464 2030 intelleciisstiblirniores
1491 1877 1719 1998 aliorum
1811 1957 1816 1964 ι

262 2026 646 2152 lucubrationes
672 2031 925 2189 ineffenstr
941 2035 1072 2196 pede
1099 2033 1297 2156 decurri
1318 2029 1520 2194 poffint.
1585 2033 1719 2151 Can·

143 2261 151 2274 ·
243 2188 502 2340 fiqaetw‘
536 2187 803 2326 alteram,
863 2191 923 2313 de
957 2191 1299 2350 analyticis,
1355 2223 1406 2308 et
1446 2183 1724 2354 geometri·

261 2339 339 2460 cis
392 2341 754 2504 aequationem
804 2343 1218 2500 resolutionibus.
1340 2393 1344 2400 ·

156 2759 169 2784 ,
438 2647 626 2768 Adieci
652 2653 919 2806 complura
936 2631 1298 2810 problerrzata,
1341 2693 1446 2767 non
1471 2691 1722 2810 egcome·

262 2799 564 2954 triasblnrn
589 2799 893 2962 depromta,
922 2801 1029 2956 sed
1053 2848 1079 2922 e
1104 2801 1405 2926 rnecbanica
1427 2799 1614 2943 etiam,
1658 2847 1720 2920 ac

108 3037 109 3042 κ
261 2955 455 3134 reliqna
472 2953 719 3115 pbyfica,
755 2996 817 3076 eo
836 2957 1150 3115 pocfflmam
1179 2957 1426 3110 confilio,
1460 2951 1518 3076 vt
1544 2995 1595 3078 et
1620 2956 1719 3076 cal·
1821 3059 1828 3068 .

263 3109 501 3254 caltvfits
523 3111 892 3229 exercitatione
919 3110 1027 3288 ipflt
1038 3114 1149 3265 fiat
1157 3113 1351 3266 senstm
1358 3110 1719 3264 familiarior,

266 3264 596 3378 etiamnunc
610 3265 909 3420 prospicere
925 3269 1360 3422 runenespoffint,
1437 3307 1559 3418 etam
1568 3308 1720 3440 prae·
1790 3273 1802 3286 '

265 3411 439 3531 claras
472 3414 593 3564 astte
620 3412 882 3536 macteris
920 3417 1210 3578 disciplinis
1243 3309 1604 3572 baeclcrentra
1631 3417 1719 3535 lra-

262 3565 410 3685 beat:
456 3607 588 3728 qnae
613 3610 715 3708 ana
742 3610 803 3686 aa
845 3572 1005 3690 itatio
1029 3603 1134 3691 non
1160 3569 1557 3730 modosttscepti
1581 3567 1719 3689 labo·

263 3719 338 3839 ris
365 3721 593 3841 taedium
620 3607 917 3886 mitigabit,
934 3725 1038 3874 fied
1062 3726 1370 3846 auiditatem
1389 3765 1585 3892 qnoque
1610 3767 1718 3846 ma·

145 4019 153 4029 ·
267 3876 433 3995 iorem
459 3877 512 3994 in
537 3875 746 3997 modum
773 3879 1051 4004 excitabit.

450 4171 599 4346 Qnia
625 4233 708 4307 res
733 4189 846 4349 ipfit
867 4186 1118 4349 postulat,
1165 4224 1224 4310 vt
1248 4186 1406 4307 naor
1431 4181 1717 4350 algebrae,

271 4378 332 4452 ac
354 4342 675 4498 geometriae
701 4343 1008 4462 rudimentis
1043 4343 1153 4463 iam
1186 4339 1406 4463 imbutus
1417 4345 1523 4496 fit,
1548 4339 1718 4494 ficubi

270 4529 504 4612 occurret
530 4497 720 4612 mentio
740 4497 1099 4618 elementorum
1127 4501 1404 4656 (occurret
1420 4537 1590 4618 antem
1612 4533 1717 4615 non

224 4681 226 4689 ·
269 4643 647 4810 irpreqoenter)
686 4651 987 4808 consulenda
1023 4654 1125 4772 erit
1166 4655 1553 4815 Compendioria
1580 4651 1712 4773 Ma·

1100 4817 1233 4958 ><e
