4546 5756
497 541 564 630 a
875 483 1606 626 PnAnuAnto

490 731 764 897 plicarent.
847 723 1143 868 Haerebant
1169 729 1472 890 cumprimis
1501 767 1621 850 ante
1648 727 1826 849 oculos
1847 771 1953 886 eru·

497 887 635 1006 ditae
661 881 720 1000 de
757 881 990 1018 calculo,
1037 919 1095 1002 vt
1128 921 1356 1020 vocant,
1404 881 1848 1036 infinitefimorum
1882 885 1954 1006 lu·

499 1038 871 1176 cubrationes,
917 1037 1004 1156 his
1031 1035 1216 1156 iisdem
1241 1037 1381 1200 typis
1404 1079 1524 1158 unte
1550 1039 1822 1172 triennium
1849 1039 1951 1160 edi·
1988 1162 1991 1176 ,

495 1235 627 1332 tae,
679 1234 741 1309 ac
777 1195 881 1314 late
922 1189 1131 1354 undique
1166 1229 1493 1354 peruagatae
1515 1231 1541 1308 ·.·
1586 1237 1742 1362 neque
1786 1229 1952 1314 tomen

494 1343 971 1472 animaduertebom
1025 1343 1256 1468 acriores
1300 1347 1417 1466 inde
1458 1349 1710 1498 stimulos
1753 1351 1951 1468 animis

493 1503 869 1659 adolescentum
897 1498 1039 1618 iniici
1065 1497 1137 1614 ud
1159 1498 1457 1658 copeffinda
1484 1543 1544 1616 eo
1558 1499 1778 1654 studia,
1827 1543 1952 1666 quo·

490 1705 610 1934 gum
637 1651 903 1812 salebrofi·
929 1650 1099 1772 aditus
1130 1655 1278 1808 saris
1312 1654 1422 1774 iarn
1460 1653 1782 1816 complanuti
1814 1657 1949 1778 uide'·

524 1850 690 1934 untur.
1379 1855 1390 1876 ‘

667 2123 822 2242 Haec
847 2159 1001 2272 cum,
1051 2153 1110 2238 ur
1135 2113 1289 2256 dixi,
1328 2153 1379 2236 er
1404 2157 1503 2280 ego
1528 2114 1668 2294 apud
1688 2161 1770 2236 me
1787 2123 1950 2272 fine

493 2279 829 2444 cogitarem,
877 2309 926 2392 et
962 2270 1245 2390 amicorum
1262 2273 1510 2428 sermone
1545 2273 1736 2391 nodari
1770 2161 1950 2396 intelli·

485 2477 700 2598 gerem,
744 2429 890 2588 coepi
915 2427 1084 2546 uereri
1109 2469 1456 2589 magnopere,
1496 2467 1556 2544 ne
1584 2425 1809 2588 languor
1834 2429 1950 2564 ille,

490 2629 553 2708 ne
568 2589 753 2741 ,dicam
789 2581 1117 2752 desperatio,
1169 2580 1285 2700 ltine
1301 2580 1621 2758 potiffimum
1649 2579 1953 2732 exstfleret,

491 2737 631 2906 quod
663 2739 771 2853 uiri
796 2735 873 2850 illi
908 2733 1323 2888 praestantfflmn
1358 2735 1459 2848 alii
1491 2731 1691 2890 quidem
1724 2733 1951 2848 tironem

413 2970 416 2978 ·
490 2891 555 3012 ab
582 2886 850 3010 elementis
875 2923 980 3000 non
1005 2922 1118 3000 tarn
1139 2883 1415 3043 gradatim
1440 2877 1744 3016 traducere,
1794 2925 1949 3046 quarn

491 3085 594 3167 uno
621 3032 765 3165 velut
789 3039 979 3197 impetu
1005 3035 1077 3152 ad
1097 3038 1366 3156 recondita
1392 3033 1680 3184 matheseos
1700 3033 1847 3154 adito
1865 3083 1948 3156 ra·

483 3241 647 3363 pere:
670 3245 675 3262 ’
695 3195 794 3314 alii
818 3188 1061 3351 oprimis
1098 3188 1303 3352 quidem
1330 3187 1411 3307 illi
1436 3189 1740 3308 rudimentis
1775 3191 1955 3339 escorst

368 3469 372 3476 .
482 3351 798 3520 pedetentim
814 3341 1101 3507 progredi,
1123 3340 1228 3490 sed
1242 3381 1467 3490 mngno,
1512 3347 1950 3505 atquesumtutffo

495 3502 814 3628 uoluminum
841 3495 1101 3655 adparatu
1126 3532 1379 3620 terrorem
1395 3499 1609 3656 potius,
1661 3541 1815 3660 quarn
1840 3495 1953 3613 ani·

339 3797 342 3804 ¹
497 3699 618 3816 rnos
638 3654 822 3778 addere
849 3651 1129 3770 videantur.

677 3965 948 4126 Vtcmque
976 3959 1076 4114 ista
1088 3957 1239 4108 stne,
1278 3999 1378 4118 ego
1399 3957 1688 4074 amicorum
1710 3951 1965 4110 cotona„

497 4116 764 4254 tionibus,
804 4159 867 4234 ac
886 4153 1015 4274 pene
1042 4111 1281 4232 conuiciis
1308 4109 1550 4226 adducius
1577 4112 1721 4228 malo
1746 4115 1952 4277 utrique

310 4393 314 4397 .
490 4305 595 4438 pro
622 4273 821 4432 uiribus
839 4265 1158 4424 subuenire,
1209 4307 1433 4429 opusque
1460 4265 1718 4385 adornare
1741 4267 1954 4416 statui,

499 4429 638 4596 quod
661 4421 952 4577 curnsaerle
973 4417 1204 4581 parabile
1232 4419 1394 4576 effet,
1419 4456 1529 4539 tum
1557 4422 1894 4574 adolescentes
1920 4462 1955 4537 a

489 4584 681 4748 primis
707 4576 964 4704 elementis
996 4575 1068 4694 od
1092 4571 1435 4712 conluendos,
1473 4615 1623 4742 utque
1662 4576 1790 4694 adeo
1817 4571 1960 4694 intel·
