4546 5756
524 533 578 632 Ὶ
743 593 748 611 ·
876 535 1661 634 Pnonaoomnnom

546 771 678 834 nores.
747 743 860 834 Dum
886 752 979 834 item
1004 749 1235 858 quantitates
1261 748 1371 843 duae
1389 749 1616 862 inaequales
1639 749 1691 836 ad
1710 749 1989 864 aequalitatem

546 899 748 997 perpetuo
768 885 967 976 accedere
994 888 1246 1000 cogitantur,
1279 903 1491 1000 antequam
1510 885 1670 1000 prorsus
1689 891 1876 1000 aequales
1901 887 1990 974 fieri

545 1023 837 1140 intelligantur,
878 1045 1013 1110 earum
1041 1019 1259 1112 differentia
1282 1021 1428 1108 infinite
1452 1027 1664 1130 nrrinuitur,
1696 1015 1756 1112 ita'
1776 1041 1824 1110 vt
1850 1026 1987 1136 quauis

406 1171 475 1268 fug.
497 1197 526 1244 ι.
546 1155 750 1274 allrgnabili
765 1160 893 1248 minor
910 1155 962 1242 fir
1031 1153 1091 1243 Sit
1107 1183 1227 1246 curua
1245 1159 1451 1270 quaepiam
1474 1163 1656 1254 continua
1679 1164 1724 1246 A
1736 1161 1858 1266 Mm,
1877 1163 1988 1245 cuius

546 1296 749 1380 ordinatae
773 1293 868 1382 PM
886 1309 929 1378 et
941 1316 1016 1402 pm
1031 1297 1254 1412 cogitentur
1268 1297 1320 1382 ad
1334 1293 1376 1380 se
1393 1297 1648 1404 continenter
1663 1296 1881 1402 accedere,
1915 1297 1988 1378 do·

543 1455 621 1517 nec
637 1427 790 1542 puntus
813 1429 928 1517 Met
947 1453 986 1512 m
1003 1429 1309 1546 congruentibus
1331 1435 1517 1538 aequales
1540 1431 1665 1534 fiant,
1698 1455 1746 1516 ac
1770 1427 1881 1514 retia
1904 1425 1990 1518 TS

540 1567 688 1653 euadat
705 1583 905 1680 tangens:
940 1579 1158 1676 antequam·
1175 1567 1338 1652 omnino
1354 1570 1541 1676 aequales
1561 1563 1686 1670 fiant,
1720 1561 1857 1652 rectae
1884 1564 1989 1678 MQ

540 1719 587 1786 et
613 1703 702 1816 Qm
723 1705 943 1790 minuentur
958 1703 1064 1786 vltra
1083 1705 1245 1815 quosuis
1262 1703 1430 1808 inmites,
1465 1717 1510 1790 et
1525 1699 1676 1818 pundlis
1693 1701 1745 1788 M
1762 1717 1807 1788 et
1834 1725 1871 1784 m
1892 1725 1988 1788 con·

542 1839 773 1958 gruentibus
793 1841 913 1952 plane
929 1835 1174 1928 euanescent.

689 2025 729 2108 3.
764 1999 807 2085 Si
824 1999 875 2084 ad
892 2003 1146 2110 quantitatem
1172 1996 1343 2103 finitam,
1378 2012 1422 2084 et
1438 1993 1622 2084 infinitam
1640 2010 1855 2112 quaeratur
1871 1997 1988 2084 tertia
2035 2034 2038 2042 ·

543 2134 887 2251 proportionalis,
914 2137 992 2222 erit
1006 2161 1056 2222 ea
1076 2133 1254 2222 infinities
1273 2134 1449 2237 infinita,
1482 2132 1550 2220 seu
1574 2133 1716 2220 infinita
1727 2127 1875 2246 senati
1893 2127 1986 2216 ordi·

543 2275 625 2378 nis,
657 2297 750 2358 cum
764 2276 804 2362 in
823 2297 873 2360 ea
888 2275 1081 2386 quantitas
1098 2271 1242 2360 infinita
1260 2270 1413 2358 irfinitis
1431 2269 1583 2374 vicjbus
1601 2275 1855 2358 oorrtineatur.
1890 2269 1940 2354 E.
1950 2293 1988 2384 g

544 2447 589 2538 Si
609 2449 720 2536 fita:
743 2481 856 2535 ω·-
878 2480 1017 2536 ss:-
968 2407 1214 2590 f,erir⁰⁹
1167 2499 1228 2514 -
1261 2451 1454 2610 quantitas
1479 2446 1621 2535 infinita
1646 2439 1805 2536 secundi
1833 2446 1988 2534 ordinis.

542 2625 730 2715 Similiter
746 2629 773 2712 fi
789 2630 839 2714 ad
856 2635 1111 2741 quantitatem
1127 2630 1311 2718 infinitam
1334 2597 1446 2742 primi
1471 2625 1646 2734 ordinis,
1682 2641 1727 2718 et
1742 2627 1794 2714 ad
1809 2587 1990 2712 infinitam

543 2757 702 2856 secundi
725 2762 867 2858 ordinis
883 2779 1096 2876 quaeratur
1120 2768 1236 2850 tertia
1261 2766 1595 2876 proportionalis,
1635 2767 1708 2844 erit
1739 2785 1788 2844 ea
1812 2757 1990 2842 infinities

543 2895 726 2982 infinities
741 2895 907 3002 infinita,
940 2895 1009 2986 seu
1025 2895 1169 2990 infinita
1185 2899 1288 2980 tertii
1308 2891 1463 3002 ordiris,
1496 2917 1588 2980 cum
1604 2897 1641 2980 iu
1660 2919 1710 2984 ea
1728 2895 1919 3008 quantitas
1932 2893 1986 2978 ιιι
2075 3002 2077 3006 Δ

543 3073 686 3164 finities
717 3073 860 3160 infinita
883 3073 1037 3162 infinitis
1064 3074 1219 3164 vicibus
1246 3075 1505 3162 contineatur
1549 3071 1601 3158 E.
1626 3099 1679 3200 g.
1699 3069 1742 3162 Si
1764 3073 1807 3160 ιιι
1830 3101 1904 3158 00:
1894 3027 1990 3142 ·--⁸

545 3209 784 3392 eff-:⁵2⁸
722 3303 778 3320 -·-
813 3232 981 3340 erit-
910 3257 1193 3387 -;-quantitas
1217 3251 1361 3337 infinita
1384 3249 1490 3336 tertii
1507 3249 1699 3356 ordinis,
1718 3268 1763 3338 et
1778 3251 1829 3338 fic
1851 3279 1989 3364 porro

544 3429 670 3552 Vnde
687 3433 880 3544 adparet
869 3455 1096 3529 mnumeros
1114 3429 1227 3544 polle
1242 3429 1396 3540 concipi
1418 3423 1652 3519 infinitorum
1672 3407 1843 3518 ordines

682 3614 728 3697 4
763 3587 896 3674 Caroli.
934 3591 1037 3677 Cum
1054 3593 1261 3706 quodlibet
1278 3591 1465 3680 infinitum
1482 3591 1674 3680 inferioris
1699 3591 1844 3676 ordinis
1868 3587 1985 3674 infini-

471 3797 478 3804 .
545 3729 620 3814 ties
632 3730 883 3814 contineatur
899 3729 936 3811 in
956 3725 1102 3814 infinito
1122 3731 1349 3834 immediate
1356 3727 1574 3837 superioris
1599 3726 1776 3827 ordinis,
1810 3724 1905 3808 illud
1924 3749 1986 3810 re·

543 3861 681 4016 [pediu
700 3861 812 3970 huius
832 3859 998 3976 spectas
1022 3867 1157 3978 potest
1172 3887 1220 3956 vt
1241 3865 1423 3967 finitum,
1455 3860 1597 3948 ethos
1616 3857 1796 3972 respetiu
1823 3859 1921 3948 illius
1937 3875 1987 3947 vt

419 4027 423 4036 ⁵
546 4007 733 4140 inlinitum
749 4055 861 4163 primr
850 4053 1034 4138 ordinis
1037 4052 1178 4256 linig
1210 4084 1251 4136 so
1261 4019 1495 4161 respedtu
1519 4001 1820 4160 00''⁴'¹potest
1836 4043 1984 4164 speda·
2013 4019 2034 4032 ”

545 4240 579 4326 ιι
595 4254 644 4324 vt
663 4237 844 4344 finitum,
878 4253 935 4324 et
943 4273 986 4323 ω
1037 4191 1363 4352 ¹'rcspec’ru
1340 4203 1983 4348 00'”vrinlinitumpnm10rdms

422 4481 429 4488 -
694 4417 810 4528 ssi
834 4418 887 4503 ad
908 4417 1164 4544 quantitatem
1186 4415 1364 4520 finitam,
1406 4431 1451 4503 et
1469 4416 1744 4504 mfinitesunam
1774 4405 1983 4524 quaeratur
2087 4529 2091 4532 ‚
2157 4495 2182 4521 ,

545 4558 658 4642 tertia
674 4555 1022 4669 proportionalis,
1055 4557 1132 4641 erit
1151 4579 1203 4640 ca
1217 4549 1396 4642 infinities
1423 4555 1569 4644 infinite
1590 4581 1737 4666 parua,
1768 4549 1838 4634 seu
1862 4531 1982 4634 infini-

451 4703 466 4712 '
544 4685 678 4810 resima
690 4687 833 4804 ferrandi
861 4687 1029 4796 ordinis,
1061 4717 1153 4782 cum
1168 4693 1208 4780 ιιι
1223 4696 1437 4810 quantitate
1462 4691 1697 4784 irfiniresrma
1723 4684 1871 4776 turritis
1889 4688 1990 4785 vid·-
