4546 5756
561 471 624 532 ιο
884 443 1737 583 Paotsuouonoml

555 656 707 757 liuere,
741 677 788 738 ac
796 641 973 762 fluertem
988 671 1204 768 propterea
1221 657 1470 770 nuncupant}
1503 663 1788 750 incrementum
1811 684 1913 750 vero
1930 675 1999 748 aut

399 865 403 878 .
458 864 461 874 .
501 800 508 812 '
555 793 883 894 decrementum,
910 791 1021 902 quod
1039 793 1135 879 dato
1151 809 1339 906 tempore
1356 821 1428 908 per
1446 821 1538 884 eum
1555 815 1709 886 motum
1725 817 1999 914 generaretur,

452 1028 454 1042 Ι
554 929 631 1015 sris
650 930 739 1042 poli
766 931 902 1014 datum
919 929 1129 1018 terminum
1157 931 1407 1038 uniformiter
1431 939 1722 1022 continuaretur
1746 935 1900 1048 absque
1917 937 2005 1028 vlla
2103 917 2109 924 ¹

552 1067 850 1152 acceleratione
877 1071 950 1153 vel
977 1069 1274 1189 retardatione,
1304 1072 1510 1185 adpellant
1523 1067 1742 1184 fluxionem.
1811 1073 1877 1160 Sic
1901 1071 1997 1158 dum

411 1203 480 1304 lit·
504 1231 535 1298 s·
551 1202 706 1290 abscissa
724 1203 812 1290 ΑΡ
829 1204 942 1288 fluxu
961 1207 1158 1294 'continuo
1173 1205 1306 1294 abitio
1326 1213 1371 1295 A
1378 1235 1436 1320 p,
1454 1228 1514 1296 et
1532 1211 1707 1298 ordinata
1724 1211 1821 1298 PM
1839 1213 1878 1294 in
1902 1231 1998 1317 pm,

552 1343 681 1430 fluxio
698 1367 818 1427 areae
835 1341 923 1428 ΑΡ
935 1343 987 1428 Μ
1009 1371 1088 1430 non
1107 1346 1164 1431 est
1181 1341 1387 1457 spatiolum
1403 1345 1602 1457 PMrrrp,
1635 1345 1706 1431 sed
1726 1345 1998 1460 rettmgulum

422 1501 424 1506 ·
542 1477 763 1587 “PMer
798 1479 910 1590 quod
932 1475 1081 1566 scilicet
1108 1497 1399 1594 generaretur,
1433 1481 1566 1592 sipost
1585 1483 1793 1568 terminum
1810 1479 1844 1566 P
1860 1495 1998 1566 motus

549 1613 802 1726 tempuscuio
818 1616 911 1698 dato
932 1611 1182 1701 uniformiter
1210 1619 1514 1704 continuaretur.
1583 1619 1640 1703 Hi
1658 1619 1787 1703 modo
1809 1617 1999 1726 loquendi

477 1807 484 1814 -
554 1751 710 1840 anobis
728 1749 969 1856 differtum,
1002 1777 1053 1838 te
1064 1769 1302 1870 congruunt:
1338 1780 1428 1840 nam
1445 1767 1487 1840 et
1506 1758 1631 1844 nosin
1648 1757 1798 1840 calculo
1817 1749 2022 1860 PMRp'

553 1891 737 1976 sumimus
753 1915 830 2004 pro
851 1885 1116 1994 differentiali,
1150 1888 1440 1978 seu'elemento
1459 1917 1579 1980 areae
1595 1889 1774 1996 APM,
1805 1885 1997 2004 negletlo

554 2027 719 2141 spatiolo
739 2021 913 2148 MRrrt,
930 2030 1005 2112 uti
1027 2027 1234 2140 adparebit
1250 2031 1288 2116 in
1304 2027 1584 2142 sequentibus.‘

560 2151 569 2162 ⁴
631 2185 636 2196 ·
701 2187 772 2269 14.
809 2162 1161 2276 Quemadmodum
1176 2165 1377 2252 elementa
1400 2165 1639 2254 infinitefima
1656 2167 1913 2279 quantitatum
1930 2187 1999 2250 var

554 2299 743 2388 riabih'um
767 2301 946 2386 dicuntur
970 2303 1188 2390 earundem
1219 2301 1523 2408 differentialia,
1557 2308 1609 2390 ita
1637 2305 1872 2415 quantitates
1896 2299 2001 2414 ipsae

362 2509 391 2554 ,ι
451 2541 453 2546 ¹
552 2440 764 2525 variabiles
793 2457 1044 2550 comparatae
1070 2438 1120 2528 ad
1147 2439 1214 2526 sua
1242 2443 1442 2528 elementa
1467 2439 1735 2544 infinitelrma,
1777 2461 2002 2552 equorum

549 2573 699 2662 summa
716 2571 962 2678 coalescunt,
996 2579 1244 2690 adpellantur
1260 2581 1471 2682 integrales:
1508 2595 1553 2664 et
1569 2577 1657 2664 hinc
1676 2577 1828 2660 rabirius
1848 2581 2000 2677 integra·

429 2807 435 2814 ,
553 2715 599 2796 lis
615 2714 675 2799 est
690 2709 905 2796 methodus
920 2714 1140 2798 inueniendi
1157 2715 1341 2798 datorum
1358 2714 1672 2798 differentiaiium
1687 2715 1904 2824 integralia:
1933 2709 2001 2794 seu

398 2859 404 2870 '
550 2853 613 2936 est
643 2847 858 2936 methodus
880 2873 906 2932 e
929 2848 1027 2934 datis
1047 2846 1367 2934 differentiallbus
1385 2847 1550 2934 eruendi
1575 2873 1643 2934 eas
1662 2849 1923 2958 quantitates,
1951 2844 2002 2960 ad

339 3049 342 3054 -
458 3005 462 3015 ’
521 3015 653 3100 ·quas
670 2989 756 3072 data
772 2987 834 3068 iiia
851 2981 1117 3070 differentialia
1133 2988 1359 3097 pertinenti:
1395 2969 1444 3069 ut
1460 2983 1486 3068 li
1505 3010 1531 3068 e
1549 2987 1637 3072 data
1657 2985 1915 3097 expreffione
1931 2983 2002 3074 dit·

412 3149 481 3244 stg.
504 3171 534 3238 t·
555 3126 749 3210 ferentiali
773 3124 961 3208 elementi
988 3119 1169 3232 PMRp
1200 3138 1411 3236 quaeratur
1440 3147 1536 3208 area
1560 3123 1744 3228 APM,
1786 3149 1892 3235 quae
1924 3103 2000 3208 dati

427 3321 431 3328 -
555 3267 744 3350 elementi
764 3259 957 3373 integrale
975 3259 1042 3343 est.
1627 3295 1630 3302 ¹

635 3449 644 3458 -
701 3420 773 3505 15:
809 3393 943 3476 Curtii.
963 3415 1013 3482 J.
1047 3391 1186 3503 Quare
1206 3391 1375 3478 calculus
1397 3395 1594 3514 integralis
1618 3399 1779 3510 requirit
1799 3397 1997 3508 operatio·
2130 3387 2137 3394 '

555 3531 891 3624 nesdifferentlali
908 3531 1141 3634 contrarias,
1176 3529 1287 3618 vnde
1306 3545 1351 3615 et
1362 3519 1557 3618 ,methodus
1573 3529 1711 3648 intratsi
1730 3535 1867 3616 calculi
1882 3525 2000 3610 infini·
2104 3557 2110 3586 ι

555 3665 735 3759 te'srmalis
753 3653 903 3756 dicitur.
956 3667 1153 3758 Nimirum
1173 3668 1346 3752 calculus
1365 3668 1646 3756 infinitefimalis
1672 3655 1827 3746 direlirrs
1842 3662 1909 3748 seu
1928 3659 2000 3746 dii·

554 3809 770 3896 ferentialis
794 3837 817 3894 a
842 3805 956 3892 finitis
983 3801 1257 3918 quantitatibus
1290 3804 1391 3890 datis
1415 3799 1617 3891 descendit
1643 3801 1693 3885 ad
1719 3797 2001 3886 infinitefimas:

454 3925 456 3932 ’
554 3925 752 4062 integralis
784 3973 805 4029 a
831 3944 929 4032 datis
947 3941 1202 4030 infinitesrmis
1224 3939 1393 4062 ascendit
1416 3944 1467 4026 ad
1482 3939 1606 4023 finitas
1628 3965 1643 4044 ;
1676 3937 1742 4022 ilie
1767 3938 2001 4050 quantitates

329 4125 333 4132 ·
402 4123 407 4128 ·
554 4081 679 4178 imitas
695 4086 731 4167 in
750 4079 814 4168 sua
833 4083 1033 4168 elementa
1051 4075 1252 4186 dilloluit;
1294 4079 1364 4166 iste
1389 4065 1625 4185 quantitates
1652 4071 1848 4163 dillolutas
1873 4075 2001 4159 rursus
2074 4099 2086 4114 ·

477 4227 489 4252 ⁸
552 4225 760 4335 componit
778 4245 837 4306 ex
855 4220 1084 4328 elementis.¹
1906 4318 1911 4334 ¹

534 4399 565 4446 ..ι
695 4361 771 4443 16.
799 4358 941 4442 ¹Coroil.
967 4382 1007 4442 2.
1049 4353 1255 4468 Integralis
1273 4351 1454 4466 legitime
1466 4352 1611 4442 inuenti
1630 4367 1901 4470 argumentum
1916 4348 1999 4450 eil,

549 4485 2123 4610 dmfflmmwwoefflmmfflfflffifflfflmfflmmm··

548 4623 1258 4752 mmmmmwwmfflm
1329 4613 1998 4744 Qfflfflfflmwmmfflo
